
@article{fugg04,
  title={Money as IOUs in social trust networks \& a proposal for a decentralized currency network protocol},
  author={Fugger, Ryan},
  year={2004},
  journal={Available at URL: \url{http://archive.ripple-project.org/decentralizedcurrency.pdf}}
}

@misc{back97,
  title={Hashcash},
  author={Back, Adam},
  year={1997}
}

@article{naka08,
  title={Bitcoin: A Peer-to-Peer Electronic Cash System},
  author={Nakamoto, Satoshi},
  year={2008},
  journal={Available at URL: \url{http://nakamotoinstitute.org/bitcoin/}}
}

@article{bute14,
  title={Ethereum: A Next-Generation Smart Contract and Decentralized Application Platform},
  author={Buterin, Vitalik},
  year={2014},
  journal={Available at URL: \url{https://www.ethereum.org/pdfs/EthereumWhitePaper.pdf}}
}

@article{wood14,
  title={Ethereum: A Secure Decentralized Generalized Transaction Ledger},
  author={Wood, Gavin},
  year={2014},
  journal={Available at URL: \url{http://gavwood.com/paper.pdf}}
}

@article{bruc13,
  title={Purely P2P Crypto-Currency With Finite Mini-Blockchain},
  author={Bruce, JD},
  year={2013},
  journal={Available at URL: \url{http://diyhpl.us/~bryan/papers2/bitcoin/Purely%20P2P%20crypto-currency%20with%20finite%20mini-blockchain.pdf}}
}

@article{bern12,
  title={High-speed high-security signatures},
  author={Bernstein, Daniel J and Duif, Niels and Lange, Tanja and Schwabe, Peter and Yang, Bo-Yin},
  year={2012},
  journal={Available at URL: \url{http://ed25519.cr.yp.to/ed25519-20110926.pdf}}
}

@article{ruff14,
  title={CoinShuffle: Practical decentralized coin mixing for Bitcoin},
  author={Ruffing, Tim and Moreno-Sanchez, Pedro and Kate, Aniket},
  year={2014},
  journal={Available at URL: \url{https://www.petsymposium.org/2014/papers/Ruffing.pdf}}
}

@article{goel03,
  title={Herbivore: A scalable and efficient protocol for anonymous communication},
  author={Goel, Sharad and Robson, Mark and Polte, Milo and Sirer, Emin},
  year={2003},
  journal={Available at URL: \url{https://gnunet.org/sites/default/files/herbivore-tr.pdf}}
}

@article{dingledine04,
  title={Tor: The second-generation onion router},
  author={Dingledine, Roger and Mathewson, Nick and Syverson, Paul},
  year={2004},
  journal={Available at URL: \url{http://pdos.csail.mit.edu/6.824-2011/papers/dingledine-tor.pdf}}
}
